%% This BibTeX bibliography file was created using BibDesk.
%% https://bibdesk.sourceforge.io/

%% Created for Xavier Loizeau at 2018-08-13 10:38:50 +0200 


%% Saved with string encoding Unicode (UTF-8) 



@article{comte2017laplace,
	Author = {Comte, Fabienne and Cuenod, Charles-A and Pensky, Marianna and Rozenholc, Yves},
	Date-Added = {2018-08-13 10:34:22 +0200},
	Date-Modified = {2018-08-13 10:34:22 +0200},
	Journal = {Journal of the Royal Statistical Society: Series B (Statistical Methodology)},
	Number = {1},
	Pages = {69--94},
	Publisher = {Wiley Online Library},
	Title = {Laplace deconvolution on the basis of time domain data and its application to dynamic contrast-enhanced imaging},
	Volume = {79},
	Year = {2017},
	Bdsk-File-1 = {YnBsaXN0MDDUAQIDBAUGJCVYJHZlcnNpb25YJG9iamVjdHNZJGFyY2hpdmVyVCR0b3ASAAGGoKgHCBMUFRYaIVUkbnVsbNMJCgsMDxJXTlMua2V5c1pOUy5vYmplY3RzViRjbGFzc6INDoACgAOiEBGABIAFgAdccmVsYXRpdmVQYXRoWWFsaWFzRGF0YV8QE0NQUl9KdWx5MDhfMjAxMi5wZGbSFwsYGVdOUy5kYXRhTxEBwAAAAAABwAACAAAMTWFjaW50b3NoIEhEAAAAAAAAAAAAAAAAAAAAAAAAAEJEAAH/////E0NQUl9KdWx5MDhfMjAxMi5wZGYAAAAAAAAAAAAAAAAAAAAAAAAAAAAAAAAAAAAAAAAAAAAAAAAAAAAAAAAAAP////8AAAAAAAAAAAAAAAAAAQACAAAKIGN1AAAAAAAAAAAAAAAAABVCZWFtZXIgVmVyc2lvbiBsb25ndWUAAAIAVy86VXNlcnM6eGF2aWVybG9pemVhdTpEb2N1bWVudHM6cHJlc2VudGF0aW9uczpCZWFtZXIgVmVyc2lvbiBsb25ndWU6Q1BSX0p1bHkwOF8yMDEyLnBkZgAADgAoABMAQwBQAFIAXwBKAHUAbAB5ADAAOABfADIAMAAxADIALgBwAGQAZgAPABoADABNAGEAYwBpAG4AdABvAHMAaAAgAEgARAASAFVVc2Vycy94YXZpZXJsb2l6ZWF1L0RvY3VtZW50cy9wcmVzZW50YXRpb25zL0JlYW1lciBWZXJzaW9uIGxvbmd1ZS9DUFJfSnVseTA4XzIwMTIucGRmAAATAAEvAAAVAAIAFP//AACABtIbHB0eWiRjbGFzc25hbWVYJGNsYXNzZXNdTlNNdXRhYmxlRGF0YaMdHyBWTlNEYXRhWE5TT2JqZWN00hscIiNcTlNEaWN0aW9uYXJ5oiIgXxAPTlNLZXllZEFyY2hpdmVy0SYnVHJvb3SAAQAIABEAGgAjAC0AMgA3AEAARgBNAFUAYABnAGoAbABuAHEAcwB1AHcAhACOAKQAqQCxAnUCdwJ8AocCkAKeAqICqQKyArcCxALHAtkC3ALhAAAAAAAAAgEAAAAAAAAAKAAAAAAAAAAAAAAAAAAAAuM=}}

@conference{PM,
	Author = {Pascal Massart},
	Booktitle = {Ecole d'{\'E}t{\'e} de Probabilit{\'e}s de Saint-Flour XXXIII},
	Date-Added = {2016-10-13 10:57:40 +0000},
	Date-Modified = {2016-10-24 08:11:37 +0000},
	Editor = {Springer},
	Title = {Concentration Inequalities and Model Selection},
	Volume = {1869},
	Year = {2003}}

@article{OBJJ,
	Author = {Olaf Bunke and Jan Johannes},
	Date-Added = {2016-10-13 10:49:24 +0000},
	Date-Modified = {2016-10-24 08:11:51 +0000},
	Journal = {Statistics},
	Keywords = {Generalized maximum likelihood; Dirichlet prior; Mixture models; Semiparametric models; Multivariate linear models; Hazard functions; Censoring},
	Month = {July},
	Number = {6},
	Pages = {483-502},
	Title = {Selfinformative limits of Bayes estimates and generalized maximum likelihood},
	Volume = {39},
	Year = {2005}}

@unpublished{JJASRS,
	Author = {Johannes, Jan and Simoni, Anna and Schenk, Rudolf},
	Date-Added = {2016-10-13 10:46:30 +0000},
	Date-Modified = {2016-10-24 08:11:02 +0000},
	Keywords = {Bayesian nonparametrics; Sieve prior, hierarchical Bayes, exact concentration rates, orable optimality, minimax theory, adaptation},
	Title = {Adaptive Bayesian estimation in indirect Gaussian sequence space model},
	Year = {2016}}
