%% This BibTeX bibliography file was created using BibDesk.
%% http://bibdesk.sourceforge.net/

%% Created for Xavier Loizeau at 2017-09-04 10:05:00 +0200 


%% Saved with string encoding Unicode (UTF-8) 



@book{FCMLT,
	Author = {Comte, F and Taupin, Marie-Luce},
	Date-Added = {2017-09-04 07:55:36 +0000},
	Date-Modified = {2017-09-04 07:58:06 +0000},
	Publisher = {Universit{\'e} de Paris-Sud. D{\'e}partement de Math{\'e}matique},
	Title = {Adaptive density deconvolution for circular data. Universit{\'e} de Paris-Sud. D{\'e}partement de Math{\'e}matique.},
	Year = {2003}}

@unpublished{JJFCXL,
	Author = {Johannes, Jan and Comte, Fabienne and L, X},
	Date-Added = {2017-07-24 17:25:49 +0000},
	Date-Modified = {2017-07-24 21:15:38 +0000},
	Title = {Optimal aggregation in circular deconvolution by a frequentist Bayesian approach},
	Year = {2017}}

@book{strichartz2003guide,
	Author = {Strichartz, Robert S},
	Date-Added = {2017-07-24 17:10:22 +0000},
	Date-Modified = {2017-07-24 17:13:18 +0000},
	Publisher = {World Scientific Publishing Co Inc},
	Title = {A guide to distribution theory and Fourier transforms},
	Year = {2003}}

@article{barron1999,
	Author = {Barron, Andrew and Schervish, Mark J. and Wasserman, Larry},
	Date-Added = {2017-07-24 16:46:52 +0000},
	Date-Modified = {2017-07-24 16:46:52 +0000},
	Journal = {Ann. Statist.},
	Month = {04},
	Number = {2},
	Pages = {536--561},
	Title = {The consistency of posterior distributions in nonparametric problems},
	Volume = {27},
	Year = {1999}}

@techreport{JJXL,
	Author = {Johannes, Jan and L, X},
	Date-Added = {2017-07-24 16:42:15 +0000},
	Date-Modified = {2017-07-24 21:16:05 +0000},
	Institution = {Heidelberg University},
	Title = {Optimal contraction rates of Hierarchical Sieve posteriors for inverse Gaussian Sequence Space models},
	Year = {2016}}

@conference{PM,
	Author = {Pascal Massart},
	Booktitle = {Ecole d'{\'E}t{\'e} de Probabilit{\'e}s de Saint-Flour XXXIII},
	Date-Added = {2016-10-13 10:57:40 +0000},
	Date-Modified = {2016-10-24 08:11:37 +0000},
	Editor = {Springer},
	Title = {Concentration Inequalities and Model Selection},
	Volume = {1869},
	Year = {2003}}

@unpublished{JJASRS,
	Author = {Johannes, Jan and Simoni, Anna and Schenk, Rudolf},
	Date-Added = {2016-10-13 10:46:30 +0000},
	Date-Modified = {2016-10-24 08:11:02 +0000},
	Keywords = {Bayesian nonparametrics; Sieve prior, hierarchical Bayes, exact concentration rates, orable optimality, minimax theory, adaptation},
	Title = {Adaptive Bayesian estimation in indirect Gaussian sequence space model},
	Year = {2016}}
