%% This BibTeX bibliography file was created using BibDesk.
%% https://bibdesk.sourceforge.io/

%% Created for Xavier Loizeau at 2019-03-10 15:15:15 +0000 


%% Saved with string encoding Unicode (UTF-8) 



@article{Johannesetal2014,
	Author = {Johannes, Jan and Simoni, Anna and Schenk, Rudolf},
	Date-Added = {2019-03-10 15:15:11 +0000},
	Date-Modified = {2019-03-10 15:15:11 +0000},
	Journal = {Discussion paper at Universit{\'e} catholique de Louvain},
	Title = {Adaptive Bayesian estimation in Gaussian sequence space models},
	Year = {2014}}

@article{JohannesSchwarz2013a,
	Arxiv = {0912.1207},
	Author = {Johannes, Jan and Schwarz, Maik},
	Date-Added = {2019-03-10 15:15:11 +0000},
	Date-Modified = {2019-03-10 15:15:11 +0000},
	Doi = {10.3150/12-BEJ422},
	Issn = {1350-7265},
	Journal = {Bernoulli},
	Number = {5A},
	Pages = {1576-1611},
	Sici = {1350-7265(2013)19:5A<1576:ACDBMS>2.0.CO;2-7},
	Title = {Adaptive circular deconvolution by model selection under unknown error distribution},
	Volume = {19},
	Year = {2013},
	Bdsk-File-1 = {YnBsaXN0MDDSAQIDBFxyZWxhdGl2ZVBhdGhZYWxpYXNEYXRhXxBhLi4vLi4vLi4vLi4vLi4vLi4vLi4vLi4vQXJjaGl2LUxpdGVyYXR1ci9CaWJEZXNrLUFyY2hpdi9Kb2hhbm5lcy9Kb2hhbm5lc19TY2h3YXJ6LTIwMTItVEFJQigpLnBkZk8RAgwAAAAAAgwAAgAABU1ldmVsAAAAAAAAAAAAAAAAAAAAAAAAAAAAANHnlNJIKwAAABHsCB9Kb2hhbm5lc19TY2h3YXJ6LTIwMSMxMUVDMEMucGRmAAAAAAAAAAAAAAAAAAAAAAAAAAAAAAAAAAAAAAAAAAAAEewMzPXrYwAAAAAAAAAAAAgABAAACSAAAAAAAAAAAAAAAAAAAAAISm9oYW5uZXMAEAAIAADR53iyAAAAEQAIAADM9d1TAAAAAQAYABHsCAAR6oIAEeDiABHgwgALAXcAAphcAAIAaU1ldmVsOlVzZXJzOgBqb2hhbm5lczoAVHktUGk6AEFyY2hpdi1MaXRlcmF0dXI6AEJpYkRlc2stQXJjaGl2OgBKb2hhbm5lczoASm9oYW5uZXNfU2Nod2Fyei0yMDEjMTFFQzBDLnBkZgAADgBCACAASgBvAGgAYQBuAG4AZQBzAF8AUwBjAGgAdwBhAHIAegAtADIAMAAxADIALQBUAEEASQBCACgAKQAuAHAAZABmAA8ADAAFAE0AZQB2AGUAbAASAF5Vc2Vycy9qb2hhbm5lcy9UeS1QaS9BcmNoaXYtTGl0ZXJhdHVyL0JpYkRlc2stQXJjaGl2L0pvaGFubmVzL0pvaGFubmVzX1NjaHdhcnotMjAxMi1UQUlCKCkucGRmABMAAS8AABUAAgAP//8AAAAIAA0AGgAkAIgAAAAAAAACAQAAAAAAAAAFAAAAAAAAAAAAAAAAAAACmA==}}

@techreport{ComteTaupin,
	Author = {Comte, F. and Taupin, M.-L.},
	Comment = {Working paper, avalable on \texttt{http://www.math-info.univ-paris5.fr/$\sim$comte/efrodens5.pdf}},
	Date-Added = {2019-03-10 15:15:11 +0000},
	Date-Modified = {2019-03-10 15:15:11 +0000},
	Institution = {Universit{\'e} Paris Descartes},
	Title = {Adaptive density deconvolution for circular data.},
	Type = {Pr{\'e}publication MAP5 2003-10},
	Year = {2003}}

@article{CavalierHengartner2005,
	Author = {Cavalier, L. and Hengartner, N.W.},
	Date-Added = {2019-03-10 15:15:11 +0000},
	Date-Modified = {2019-03-10 15:15:11 +0000},
	Journal = {Inverse Problems},
	Pages = {1345-1361},
	Title = {Adaptive estimation for inverse problems with noisy operators.},
	Volume = {21},
	Year = {2005}}

@article{JohannesSchwarz2013,
	Author = {Johannes, Jan and Schwarz, Maik},
	Date-Added = {2019-03-10 15:15:11 +0000},
	Date-Modified = {2019-03-10 15:15:11 +0000},
	Doi = {10.1080/03610926.2012.731548},
	Eprint = {http://www.tandfonline.com/doi/pdf/10.1080/03610926.2012.731548},
	Journal = {Communications in Statistics - Theory and Methods},
	Number = {7},
	Pages = {1343-1362},
	Title = {Adaptive Gaussian inverse regression with partially unknown operator},
	Url = {http://www.tandfonline.com/doi/abs/10.1080/03610926.2012.731548},
	Volume = {42},
	Year = {2013},
	Bdsk-File-1 = {YnBsaXN0MDDSAQIDBFxyZWxhdGl2ZVBhdGhZYWxpYXNEYXRhXxBlLi4vLi4vLi4vLi4vLi4vLi4vLi4vLi4vQXJjaGl2LUxpdGVyYXR1ci9CaWJEZXNrLUFyY2hpdi9Kb2hhbm5lcy9Kb2hhbm5lc19TY2h3YXJ6LTIwMTMtQ0lTVEFNKDQyKS5wZGZPEQIYAAAAAAIYAAIAAAVNZXZlbAAAAAAAAAAAAAAAAAAAAAAAAAAAAADR55TSSCsAAAAR7AgfSm9oYW5uZXNfU2Nod2Fyei0yMDEjMTFFQzExLnBkZgAAAAAAAAAAAAAAAAAAAAAAAAAAAAAAAAAAAAAAAAAAABHsEc3fSF0AAAAAAAAAAAAIAAQAAAkgAAAAAAAAAAAAAAAAAAAACEpvaGFubmVzABAACAAA0ed4sgAAABEACAAAzd8sPQAAAAEAGAAR7AgAEeqCABHg4gAR4MIACwF3AAKYXAACAGlNZXZlbDpVc2VyczoAam9oYW5uZXM6AFR5LVBpOgBBcmNoaXYtTGl0ZXJhdHVyOgBCaWJEZXNrLUFyY2hpdjoASm9oYW5uZXM6AEpvaGFubmVzX1NjaHdhcnotMjAxIzExRUMxMS5wZGYAAA4ASgAkAEoAbwBoAGEAbgBuAGUAcwBfAFMAYwBoAHcAYQByAHoALQAyADAAMQAzAC0AQwBJAFMAVABBAE0AKAA0ADIAKQAuAHAAZABmAA8ADAAFAE0AZQB2AGUAbAASAGJVc2Vycy9qb2hhbm5lcy9UeS1QaS9BcmNoaXYtTGl0ZXJhdHVyL0JpYkRlc2stQXJjaGl2L0pvaGFubmVzL0pvaGFubmVzX1NjaHdhcnotMjAxMy1DSVNUQU0oNDIpLnBkZgATAAEvAAAVAAIAD///AAAACAANABoAJACMAAAAAAAAAgEAAAAAAAAABQAAAAAAAAAAAAAAAAAAAqg=},
	Bdsk-Url-1 = {http://www.tandfonline.com/doi/abs/10.1080/03610926.2012.731548},
	Bdsk-Url-2 = {http://dx.doi.org/10.1080/03610926.2012.731548}}

@article{PenskyVidakovic99,
	Author = {Pensky, M. and Vidakovic, B.},
	Date-Added = {2019-03-10 15:15:11 +0000},
	Date-Modified = {2019-03-10 15:15:11 +0000},
	Journal = {Annals of Statistics},
	Pages = {2033-2053},
	Title = {Adaptive wavelet estimator for nonparametric density deconvolution.},
	Volume = {27},
	Year = {1999}}

@inproceedings{Birge2001,
	Author = {Birg{\'e}, Lucien},
	Booktitle = {State of the art in probability and statistics},
	Date-Added = {2019-03-10 15:15:11 +0000},
	Date-Modified = {2019-03-10 15:15:11 +0000},
	Editor = {Monogr.},
	Pages = {113-133},
	Publisher = {(Leiden 1999)},
	Series = {IMS Lecture Notes},
	Title = {An alternative point of view on Lepski's method},
	Volume = {36},
	Year = {2001}}

@article{GoldenshlugerLepski2011,
	Author = {Goldenshluger, A. and Lepski, O.},
	Date-Added = {2019-03-10 15:15:11 +0000},
	Date-Modified = {2019-03-10 15:15:11 +0000},
	Journal = {The Annals of Statistics},
	Pages = {1608-1632},
	Title = {Bandwidth selection in kernel density estimation: Oracle inequalities and adaptive minimax optimality},
	Volume = {39},
	Year = {2011},
	Bdsk-File-1 = {YnBsaXN0MDDSAQIDBFxyZWxhdGl2ZVBhdGhZYWxpYXNEYXRhXxAiQmlibGlvL0dvbGRlbnNobHVnZXJMZXBza2kyMDExLnBkZk8RAfIAAAAAAfIAAgAADE1hY2ludG9zaCBIRAAAAAAAAAAAAAAAAAAAAM6ELYJIKwAAAF4XqxtHb2xkZW5zaGx1Z2VyTGVwc2tpMjAxMS5wZGYAAAAAAAAAAAAAAAAAAAAAAAAAAAAAAAAAAAAAAAAAAAAAAAABSiEA0HgCdAAAAAAAAAAAAAEAAwAACSAAAAAAAAAAAAAAAAAAAAAGQmlibGlvABAACAAAzoQRYgAAABEACAAA0Hf0ZAAAAAEAGABeF6sAXMhDAFzIPQAFKH4ABSh8AAAAbwACAF9NYWNpbnRvc2ggSEQ6VXNlcnM6AGFzaW46AERvY3VtZW50czoAVGhlc2U6AERvc3NpZXJfU3luY2hvOgBCaWJsaW86AEdvbGRlbnNobHVnZXJMZXBza2kyMDExLnBkZgAADgA4ABsARwBvAGwAZABlAG4AcwBoAGwAdQBnAGUAcgBMAGUAcABzAGsAaQAyADAAMQAxAC4AcABkAGYADwAaAAwATQBhAGMAaQBuAHQAbwBzAGgAIABIAEQAEgBMVXNlcnMvYXNpbi9Eb2N1bWVudHMvVGhlc2UvRG9zc2llcl9TeW5jaG8vQmlibGlvL0dvbGRlbnNobHVnZXJMZXBza2kyMDExLnBkZgATAAEvAAAVAAIAC///AAAACAANABoAJABJAAAAAAAAAgEAAAAAAAAABQAAAAAAAAAAAAAAAAAAAj8=}}

@article{Heinz1951,
	Author = {Heinz, E.},
	Date-Added = {2019-03-10 15:15:11 +0000},
	Date-Modified = {2019-03-10 15:15:11 +0000},
	Journal = {Mathematische Annalen},
	Pages = {415-438},
	Title = {{Beitr{\"a}ge zur St{\"o}rungstheorie der Spektralzerlegung.}},
	Volume = {123},
	Year = {1951}}

@article{KooPark96,
	Author = {Koo, J. Y. and Park, B. U.},
	Date-Added = {2019-03-10 15:15:11 +0000},
	Date-Modified = {2019-03-10 15:15:11 +0000},
	Journal = {Journal of Statistical Computation and Simulation.},
	Pages = {275-288},
	Title = {{B-spline deconvolution based on the EM algorithm.}},
	Volume = {54},
	Year = {1996}}

@article{Devroye89,
	Author = {Devroye, Luc},
	Date-Added = {2019-03-10 15:15:11 +0000},
	Date-Modified = {2019-03-10 15:15:11 +0000},
	Journal = {Canadian Journal of Statistics},
	Pages = {235-239},
	Title = {Consistent deconvolution in density estimation.},
	Volume = {17},
	Year = {1989}}

@article{MendelsohnRice82,
	Author = {Mendelsohn, J. and Rice, J.},
	Date-Added = {2019-03-10 15:15:11 +0000},
	Date-Modified = {2019-03-10 15:15:11 +0000},
	Journal = {Journal of the American Statistical Association},
	Pages = {748-753},
	Title = {{Deconvolution of micro-fluorometric histograms with B-splines.}},
	Volume = {77},
	Year = {1982}}

@book{Meister2009,
	Author = {Meister, Alexander},
	Date-Added = {2019-03-10 15:15:11 +0000},
	Date-Modified = {2019-03-10 15:15:11 +0000},
	Doi = {10.1007/978-3-540-87557-4},
	Language = {English},
	Publisher = {Lecture Notes in Statistics 193. Berlin: Springer},
	Title = {{Deconvolution problems in nonparametric statistics.}},
	Year = {2009},
	Bdsk-Url-1 = {http://dx.doi.org/10.1007/978-3-540-87557-4}}

@article{Fan92,
	Author = {Fan, J.},
	Date-Added = {2019-03-10 15:15:11 +0000},
	Date-Modified = {2019-03-10 15:15:11 +0000},
	Journal = {Canadian Journal of Statistics},
	Pages = {734-747},
	Title = {Deconvolution with supersmooth distributions.},
	Volume = {20},
	Year = {1992}}

@article{Goldenshluger00,
	Author = {Goldenshluger, A.},
	Date-Added = {2019-03-10 15:15:11 +0000},
	Date-Modified = {2019-03-10 15:15:11 +0000},
	Journal = {Journal of Multivariate Analysis},
	Pages = {360-375},
	Title = {Density deconvolution in the circular structural model.},
	Volume = {81},
	Year = {2000}}

@article{Efromovich97,
	Author = {Efromovich, S.},
	Date-Added = {2019-03-10 15:15:11 +0000},
	Date-Modified = {2019-03-10 15:15:11 +0000},
	Journal = {Journal of the American Statistical Association},
	Pages = {526-535},
	Title = {Density estimation for the case of supersmooth measurement error.},
	Volume = {92},
	Year = {1997}}

@article{Zhang90,
	Author = {Zhang, C.-H.},
	Date-Added = {2019-03-10 15:15:11 +0000},
	Date-Modified = {2019-03-10 15:15:11 +0000},
	Journal = {Annals of Statistics},
	Pages = {806-831},
	Title = {Fourier methods for estimating mixing densities and distributions.},
	Volume = {18},
	Year = {1990}}

@book{Petrov1995,
	Address = {Oxford},
	Author = {Petrov, Valentin V.},
	Date-Added = {2019-03-10 15:15:11 +0000},
	Date-Modified = {2019-03-10 15:15:11 +0000},
	Edition = {4.},
	Keywords = {WT},
	Publisher = {Clarendon Press.},
	Series = {Oxford Studies in Probability.},
	Title = {Limit theorems of probability theory. Sequences of independent random variables.},
	Year = {1995}}

@article{BigotVanBellegem2009,
	Author = {Bigot, J\'er\'emie and Van Bellgem, S\'ebastien},
	Date-Added = {2019-03-10 15:15:11 +0000},
	Date-Modified = {2019-03-10 15:15:11 +0000},
	Journal = {Scandinavian Journal of Statistics},
	Pages = {749-763},
	Title = {Log-density Deconvolution by Wavelet Thresholding},
	Volume = {36},
	Year = {2009}}

@article{CochranMouritsenWikelski2004,
	Author = {Cochran, William W. and Mouritsen, Henrik and Wikelski, Martin},
	Date-Added = {2019-03-10 15:15:11 +0000},
	Date-Modified = {2019-03-10 15:15:11 +0000},
	Journal = {Science},
	Month = {April},
	Pages = {405},
	Title = {Migrating Songbirds Recalibrate Their Magnetic Compass Daily from Twylight Cues},
	Volume = {304},
	Year = {2004}}

@article{LaurentLM2012,
	Author = {Laurent, B. and Loubes, J.M. and Marteau, C.},
	Date-Added = {2019-03-10 15:15:11 +0000},
	Date-Modified = {2019-03-10 15:15:11 +0000},
	Journal = {Electronic Journal of Statistics},
	Pages = {91--122},
	Publisher = {Institute of Mathematical Statistics},
	Title = {Non asymptotic minimax rates of testing in signal detection with heterogeneous variances},
	Volume = {6},
	Year = {2012}}

@article{Goldenshluger99,
	Author = {Goldenshluger, A.},
	Date-Added = {2019-03-10 15:15:11 +0000},
	Date-Modified = {2019-03-10 15:15:11 +0000},
	Journal = {Bernoulli},
	Pages = {907-925},
	Title = {On pointwise adaptive nonparametric deconvolution.},
	Volume = {5},
	Year = {1999}}

@article{JohannesSchenk2013a,
	Author = {Johannes, Jan and Schenk, Rudolf},
	Date-Added = {2019-03-10 15:15:11 +0000},
	Date-Modified = {2019-03-10 15:15:11 +0000},
	Doi = {10.1214/13-EJS767},
	Fjournal = {Electronic Journal of Statistics},
	Issn = {1935-7524},
	Journal = {Electronic Journal of Statistics},
	Pages = {191-216},
	Sici = {1935-7524(2013)7:0<191:OROLEI>2.0.CO;2-V},
	Title = {On rate optimal local estimation in functional linear regression},
	Volume = {7},
	Year = {2013},
	Bdsk-File-1 = {YnBsaXN0MDDSAQIDBFxyZWxhdGl2ZVBhdGhZYWxpYXNEYXRhXxBhLi4vLi4vLi4vLi4vLi4vLi4vLi4vLi4vQXJjaGl2LUxpdGVyYXR1ci9CaWJEZXNrLUFyY2hpdi9Kb2hhbm5lcy9Kb2hhbm5lc19TY2hlbmstMjAxMy1FSk9TKDcpLnBkZk8RAgwAAAAAAgwAAgAABU1ldmVsAAAAAAAAAAAAAAAAAAAAAAAAAAAAANHnlNJIKwAAABHsCB9Kb2hhbm5lc19TY2hlbmstMjAxMyMxMUVDMTUucGRmAAAAAAAAAAAAAAAAAAAAAAAAAAAAAAAAAAAAAAAAAAAAEewVzSf4HFBERiBDQVJPAAgABAAACSAAAAAAAAAAAAAAAAAAAAAISm9oYW5uZXMAEAAIAADR53iyAAAAEQAIAADNJ+oMAAAAAQAYABHsCAAR6oIAEeDiABHgwgALAXcAAphcAAIAaU1ldmVsOlVzZXJzOgBqb2hhbm5lczoAVHktUGk6AEFyY2hpdi1MaXRlcmF0dXI6AEJpYkRlc2stQXJjaGl2OgBKb2hhbm5lczoASm9oYW5uZXNfU2NoZW5rLTIwMTMjMTFFQzE1LnBkZgAADgBCACAASgBvAGgAYQBuAG4AZQBzAF8AUwBjAGgAZQBuAGsALQAyADAAMQAzAC0ARQBKAE8AUwAoADcAKQAuAHAAZABmAA8ADAAFAE0AZQB2AGUAbAASAF5Vc2Vycy9qb2hhbm5lcy9UeS1QaS9BcmNoaXYtTGl0ZXJhdHVyL0JpYkRlc2stQXJjaGl2L0pvaGFubmVzL0pvaGFubmVzX1NjaGVuay0yMDEzLUVKT1MoNykucGRmABMAAS8AABUAAgAP//8AAAAIAA0AGgAkAIgAAAAAAAACAQAAAAAAAAAFAAAAAAAAAAAAAAAAAAACmA==},
	Bdsk-Url-1 = {http://dx.doi.org/10.1214/13-EJS767}}

@article{Neumann1997,
	Author = {Neumann, M. H.},
	Date-Added = {2019-03-10 15:15:11 +0000},
	Date-Modified = {2019-03-10 15:15:11 +0000},
	Journal = {Journal of Nonparametric Statistics},
	Pages = {307-330},
	Title = {On the effect of estimating the error density in nonparametric deconvolution.},
	Volume = {7},
	Year = {1997}}

@article{Fan91,
	Author = {Fan, J.},
	Date-Added = {2019-03-10 15:15:11 +0000},
	Date-Modified = {2019-03-10 15:15:11 +0000},
	Journal = {Annals of Statistics},
	Pages = {1257-1272},
	Title = {On the optimal rates of convergence for nonparametric deconvolution problems.},
	Volume = {19},
	Year = {1991}}

@article{CarrollHall88,
	Author = {Carroll, R. J. and Hall, P.},
	Date-Added = {2019-03-10 15:15:11 +0000},
	Date-Modified = {2019-03-10 15:15:11 +0000},
	Journal = {Journal of the American Statistical Association},
	Pages = {1184-1186},
	Title = {Optimal rates of convergence for deconvolving a density.},
	Volume = {83},
	Year = {1988}}

@article{KimKoo02,
	Author = {Kim, P. T. and Koo, J. Y.},
	Date-Added = {2019-03-10 15:15:11 +0000},
	Date-Modified = {2019-03-10 15:15:11 +0000},
	Journal = {Journal of Multivariate Analysis},
	Pages = {21-42},
	Title = {Optimal spherical deconvolution.},
	Volume = {80},
	Year = {2002}}

@article{Stefanski90,
	Author = {Stefanski, L. A.},
	Date-Added = {2019-03-10 15:15:11 +0000},
	Date-Modified = {2019-03-10 15:15:11 +0000},
	Journal = {Statistics and Probability Letters},
	Pages = {229-235},
	Title = {Rate of convergence of some estimators in a class of deconvolution problems.},
	Volume = {9},
	Year = {1990}}

@article{BarronBirgeMassart1999,
	Abstract = {{The authors develop performance bounds for criteria of model
    selection, using recent theory for sieves. The model selection criteria are
    based on an empirical loss or contrast function with an added penalty term
    roughly proportional to the number of parameters needed to describe the
    model divided by the number of observations. Most of the presented examples
    involve density or regression estimation settings, and the authors focus on
    the problem of estimating the unknown density or regression function.\par It
    is shown that the quadratic risk of the minimum penalized empirical contrast
    estimator is bounded by an index of the accuracy of the sieve. The
    connection between model selection via penalization and adaptation in the
    minimax sense is pointed out. Such illustrations of the introduced method as
    penalized maximum likelihood, projection or least squares estimation are
    provided. The models involve commonly used finite dimensional expansions
    such as piecewise polynomials with fixed or variable knots, trigonometric
    polynomials, wavelets, neural nets, and related nonlinear expansions defined
    by superposition of ridge functions.}},
	Author = {Barron, Andrew and Birg\'e, Lucien and Massart, Pascal},
	Classmath = {{*62G05 (Nonparametric estimation) 62G07 (Curve estimation) 41A25 (Degree of approximation, etc.) }},
	Date-Added = {2019-03-10 15:15:11 +0000},
	Date-Modified = {2019-03-10 15:15:11 +0000},
	Journal = {Probability Theory and Related Fields},
	Keywords = {{sieves; adaptation; penalized maximum likelihood; projection; least squares estimation}},
	Language = {English},
	Number = {3},
	Pages = {301-413},
	Reviewer = {{Joseph Melamed (Los Angeles)}},
	Title = {{Risk bounds for model selection via penalization.}},
	Volume = {113},
	Year = {1999}}

@book{Fisher1993,
	Abstract = {{This book is a companion volume to the former book of the present
    author, {\it T. Lewis} and {\it B. J. J. Embleton}, ``Statistical analysis
    of spherical data.'' (1987; Zbl 0651.62045), but includes some newer
    techniques. It is primarily a manual for the working scientist, with the
    emphasis on applications. The level of mathematics required to use the book
    would be achieved by a first-year mathematics course. The emphasis is on
    statistical analysis of data, rather than on statistical theory.\par After
    an introduction, the chapter headings are: Descriptive methods; Models;
    Analysis of a single sample of data; Analysis of two or more samples, and of
    other experimental layouts; Correlation and regression; Analysis of data
    with temporal or spatial structure; Some modern statistical techniques for
    testing and estimation. Among the techniques covered in the last chapter are
    bootstrap methods.\par One appendix contains various statistical tables of
    probability distributions used in the analysis of circular data. A second
    appendix contains 24 data sets, drawn from various fields, including
    entomology, ornithology, herpetology, geology, meteorology, and others.
    Since this is not meant to be a textbook, there are no exercises, but there
    are many examples worked out in detail.}},
	Author = {Fisher, N.I.},
	Classmath = {{*62H11 (Directional data; spatial statistics) 62-01 (Textbooks (statistics)) 62-02 (Research monographs (statistics)) 62-07 (Data analysis (statistics)) 62Q05 (Statistical tables) }},
	Date-Added = {2019-03-10 15:15:11 +0000},
	Date-Modified = {2019-03-10 15:15:11 +0000},
	Keywords = {{temporal structures; descriptive methods; correlation; manual; applications; regression; spatial structure; testing; estimation; bootstrap methods; tables of probability distributions; circular data; entomology; ornithology; herpetology; geology; meteorology; examples}},
	Language = {English},
	Publisher = {{Cambridge University Press}},
	Reviewer = {{L.Weiss (Ithaca)}},
	Title = {{Statistical analysis of circular data.}},
	Year = {1993}}

@book{Mardia1972,
	Author = {Mardia, K.V.},
	Classmath = {{*62-02 (Research monographs (statistics)) 62-XX (Statistics) }},
	Date-Added = {2019-03-10 15:15:11 +0000},
	Date-Modified = {2019-03-10 15:15:11 +0000},
	Language = {English},
	Publisher = {{Probability and Mathematical Statistics. A Series of Monographs and Textbooks. Vol. 13. Academic Press}},
	Title = {{Statistics of directional data.}},
	Year = {1972}}

@article{Curray1956,
	Author = {Curray, Joseph R.},
	Date-Added = {2019-03-10 15:15:11 +0000},
	Date-Modified = {2019-03-10 15:15:11 +0000},
	Journal = {The Journal of Geology},
	Number = {2},
	Pages = {117-131},
	Title = {The analysis of two-dimensional orientation data},
	Volume = {64},
	Year = {1956}}

@article{FanKoo02,
	Author = {Fan, J. and Koo, J. Y.},
	Date-Added = {2019-03-10 15:15:11 +0000},
	Date-Modified = {2019-03-10 15:15:11 +0000},
	Journal = {IEEE Transactions on Information Theory},
	Pages = {734-747},
	Title = {Wavelet deconvolution.},
	Volume = {48},
	Year = {2002}}

@article{rigollet2007linear,
	Author = {Rigollet, Ph and Tsybakov, Alexander B},
	Date-Added = {2019-02-08 16:57:27 +0000},
	Date-Modified = {2019-02-08 16:57:27 +0000},
	Journal = {Mathematical Methods of Statistics},
	Number = {3},
	Pages = {260--280},
	Publisher = {Springer},
	Title = {Linear and convex aggregation of density estimators},
	Volume = {16},
	Year = {2007}}

@article{cite:hadamard,
	Author = {Hadamard, Jacques},
	Citeulike-Article-Id = {7133163},
	Date-Added = {2018-10-24 10:31:36 +0200},
	Date-Modified = {2018-10-24 10:31:36 +0200},
	Journal = {Princeton University Bulletin},
	Keywords = {ill-posed, problem},
	Pages = {49--52},
	Posted-At = {2010-05-07 01:16:41},
	Priority = {2},
	Title = {{Sur les probl\`{e}mes aux d\'{e}riv\'{e}s partielles et leur signification physique}},
	Volume = {13},
	Year = {1902}}

@book{Bill86,
	Author = {Patrick Billingsley},
	Date-Added = {2018-09-18 10:01:55 +0200},
	Date-Modified = {2018-09-18 10:01:55 +0200},
	Edition = {Second},
	Publisher = {John Wiley and Sons},
	Title = {Probability and Measure},
	Year = {1986}}

@book{liptser2013statistics,
	Author = {Liptser, Robert S and Shiryaev, Albert N},
	Date-Added = {2018-09-17 09:18:46 +0200},
	Date-Modified = {2018-09-17 09:18:46 +0200},
	Publisher = {Springer Science \& Business Media},
	Title = {Statistics of random processes: I. General theory},
	Volume = {5},
	Year = {2013}}

@article{ghosal2000convergence,
	Author = {Ghosal, Subhashis and Ghosh, Jayanta K and Van Der Vaart, Aad W and others},
	Date-Added = {2018-01-29 14:39:52 +0000},
	Date-Modified = {2018-01-29 14:39:52 +0000},
	Journal = {Annals of Statistics},
	Number = {2},
	Pages = {500--531},
	Publisher = {IMS INSTITUTE OF MATHEMATICAL STATISTICS},
	Title = {Convergence rates of posterior distributions},
	Volume = {28},
	Year = {2000},
	Bdsk-File-1 = {YnBsaXN0MDDSAQIDBFxyZWxhdGl2ZVBhdGhZYWxpYXNEYXRhXxAuLi4vLi4vLi4vdGhlc2lzLzEtaW50cm9kdWN0aW9uLzItYmF5ZXMvMzEyLnBkZk8RAXYAAAAAAXYAAgAADE1hY2ludG9zaCBIRAAAAAAAAAAAAAAAAAAAAAAAAABCRAAB/////wczMTIucGRmAAAAAAAAAAAAAAAAAAAAAAAAAAAAAAAAAAAAAAAAAAAAAAAAAAAAAAAAAAAAAAAAAAAAAAAAAAD/////AAAAAAAAAAAAAAAAAAMABAAACiBjdQAAAAAAAAAAAAAAAAAHMi1iYXllcwAAAgBFLzpVc2Vyczp4YXZpZXJsb2l6ZWF1OkRvY3VtZW50czp0aGVzaXM6MS1pbnRyb2R1Y3Rpb246Mi1iYXllczozMTIucGRmAAAOABAABwAzADEAMgAuAHAAZABmAA8AGgAMAE0AYQBjAGkAbgB0AG8AcwBoACAASABEABIAQ1VzZXJzL3hhdmllcmxvaXplYXUvRG9jdW1lbnRzL3RoZXNpcy8xLWludHJvZHVjdGlvbi8yLWJheWVzLzMxMi5wZGYAABMAAS8AABUAAgAU//8AAAAIAA0AGgAkAFUAAAAAAAACAQAAAAAAAAAFAAAAAAAAAAAAAAAAAAABzw==}}

@unpublished{JJMS,
	Author = {Jan JOHANNES and Maik SCHWARZ},
	Date-Added = {2016-10-20 07:47:14 +0000},
	Date-Modified = {2016-10-20 07:49:50 +0000},
	Keywords = {Gaussian sequence space model; minimax theory; Adaptive non parametric estimation; Model selection; Lepski's method; Sobolev spaces; Midly and severely ill-posed inverse problems},
	Month = {April},
	Title = {Adaptive Gaussian inverse regression with partially unknown operator},
	Year = {2012}}

@conference{PM,
	Author = {Pascal MASSART},
	Booktitle = {Ecole d'{\'E}t{\'e} de Probabilit{\'e}s de Saint-Flour XXXIII},
	Date-Added = {2016-10-13 10:57:40 +0000},
	Date-Modified = {2016-10-13 11:00:17 +0000},
	Editor = {Springer},
	Title = {Concentration Inequalities and Model Selection},
	Volume = {1869},
	Year = {2003},
	Bdsk-File-1 = {YnBsaXN0MDDSAQIDBFxyZWxhdGl2ZVBhdGhZYWxpYXNEYXRhXxA4Li4vLi4vQ29uY2VudHJhdGlvbiBJbmVxdWFsaXRpZXMgYW5kIE1vZGVsIFNlbGVjdGlvbi5wZGZPEQH6AAAAAAH6AAIAAAxNYWNpbnRvc2ggSEQAAAAAAAAAAAAAAAAAAAAAAAAAQkQAAf////8fQ29uY2VudHJhdGlvbiBJbmVxI0ZGRkZGRkZGLnBkZgAAAAAAAAAAAAAAAAAAAAAAAAAAAAAAAAAAAAAAAAAA/////wAAAAAAAAAAAAAAAAACAAEAAAogY3UAAAAAAAAAAAAAAAAACVJlY2hlcmNoZQAAAgBcLzpVc2Vyczp4YXZpZXJsb2l6ZWF1OkRvY3VtZW50czpSZWNoZXJjaGU6Q29uY2VudHJhdGlvbiBJbmVxdWFsaXRpZXMgYW5kIE1vZGVsIFNlbGVjdGlvbi5wZGYADgBmADIAQwBvAG4AYwBlAG4AdAByAGEAdABpAG8AbgAgAEkAbgBlAHEAdQBhAGwAaQB0AGkAZQBzACAAYQBuAGQAIABNAG8AZABlAGwAIABTAGUAbABlAGMAdABpAG8AbgAuAHAAZABmAA8AGgAMAE0AYQBjAGkAbgB0AG8AcwBoACAASABEABIAWlVzZXJzL3hhdmllcmxvaXplYXUvRG9jdW1lbnRzL1JlY2hlcmNoZS9Db25jZW50cmF0aW9uIEluZXF1YWxpdGllcyBhbmQgTW9kZWwgU2VsZWN0aW9uLnBkZgATAAEvAAAVAAIAFP//AAAACAANABoAJABfAAAAAAAAAgEAAAAAAAAABQAAAAAAAAAAAAAAAAAAAl0=}}

@article{OBJJ,
	Author = {Olaf BUNKE and Jan JOHANNES},
	Date-Added = {2016-10-13 10:49:24 +0000},
	Date-Modified = {2016-10-13 13:02:32 +0000},
	Journal = {Statistics},
	Keywords = {Generalized maximum likelihood; Dirichlet prior; Mixture models; Semiparametric models; Multivariate linear models; Hazard functions; Censoring},
	Month = {July},
	Number = {6},
	Pages = {483-502},
	Title = {Selfinformative limits of Bayes estimates and generalized maximum likelihood},
	Volume = {39},
	Year = {2005},
	Bdsk-File-1 = {YnBsaXN0MDDSAQIDBFxyZWxhdGl2ZVBhdGhZYWxpYXNEYXRhXxAjLi4vLi4vU2VsZi1JbmZvcm1hdGl2ZSBMaW1pdHMvNS5wZGZPEQGGAAAAAAGGAAIAAAxNYWNpbnRvc2ggSEQAAAAAAAAAAAAAAAAAAAAAAAAAQkQAAf////8FNS5wZGYAAAAAAAAAAAAAAAAAAAAAAAAAAAAAAAAAAAAAAAAAAAAAAAAAAAAAAAAAAAAAAAAAAAAAAAAAAAAA/////wAAAAAAAAAAAAAAAAACAAIAAAogY3UAAAAAAAAAAAAAAAAAF1NlbGYtSW5mb3JtYXRpdmUgTGltaXRzAAACAEcvOlVzZXJzOnhhdmllcmxvaXplYXU6RG9jdW1lbnRzOlJlY2hlcmNoZTpTZWxmLUluZm9ybWF0aXZlIExpbWl0czo1LnBkZgAADgAMAAUANQAuAHAAZABmAA8AGgAMAE0AYQBjAGkAbgB0AG8AcwBoACAASABEABIARVVzZXJzL3hhdmllcmxvaXplYXUvRG9jdW1lbnRzL1JlY2hlcmNoZS9TZWxmLUluZm9ybWF0aXZlIExpbWl0cy81LnBkZgAAEwABLwAAFQACABT//wAAAAgADQAaACQASgAAAAAAAAIBAAAAAAAAAAUAAAAAAAAAAAAAAAAAAAHU}}

@unpublished{JJASRS,
	Author = {JOHANNES, Jan and SIMONI, Anna and SCHENK, Rudolf},
	Date-Added = {2016-10-13 10:46:30 +0000},
	Date-Modified = {2016-10-13 13:02:02 +0000},
	Keywords = {Bayesian nonparametrics; Sieve prior, hierarchical Bayes, exact concentration rates, orable optimality, minimax theory, adaptation},
	Title = {Adaptive Bayesian estimation in indirect Gaussian sequence space model},
	Year = {2016},
	Bdsk-File-1 = {YnBsaXN0MDDSAQIDBFxyZWxhdGl2ZVBhdGhZYWxpYXNEYXRhXxAhLi4vYmlibGlvZ3JhcGhpZS8xNTAyLjAwMTg0djEucGRmTxEBngAAAAABngACAAAMTWFjaW50b3NoIEhEAAAAAAAAAAAAAAAAAAAAAAAAAEJEAAH/////EDE1MDIuMDAxODR2MS5wZGYAAAAAAAAAAAAAAAAAAAAAAAAAAAAAAAAAAAAAAAAAAAAAAAAAAAAAAAAAAAAAAP////8AAAAAAAAAAAAAAAAAAQACAAAKIGN1AAAAAAAAAAAAAAAAAA1iaWJsaW9ncmFwaGllAAACAE4vOlVzZXJzOnhhdmllcmxvaXplYXU6RG9jdW1lbnRzOlJlY2hlcmNoZTppR1NTTTpiaWJsaW9ncmFwaGllOjE1MDIuMDAxODR2MS5wZGYADgAiABAAMQA1ADAAMgAuADAAMAAxADgANAB2ADEALgBwAGQAZgAPABoADABNAGEAYwBpAG4AdABvAHMAaAAgAEgARAASAExVc2Vycy94YXZpZXJsb2l6ZWF1L0RvY3VtZW50cy9SZWNoZXJjaGUvaUdTU00vYmlibGlvZ3JhcGhpZS8xNTAyLjAwMTg0djEucGRmABMAAS8AABUAAgAU//8AAAAIAA0AGgAkAEgAAAAAAAACAQAAAAAAAAAFAAAAAAAAAAAAAAAAAAAB6g==}}
