%% This BibTeX bibliography file was created using BibDesk.
%% http://bibdesk.sourceforge.net/

%% Created for Xavier Loizeau at 2017-09-25 12:11:48 +0200 


%% Saved with string encoding Unicode (UTF-8) 



@unpublished{JJFCXL,
	Author = {Johannes, Jan and Comtes, Fabienne and Loizeau, Xavier},
	Date-Added = {2017-08-31 15:13:25 +0000},
	Date-Modified = {2017-09-01 09:43:11 +0000},
	Title = {Data-driven shrinked deconvolution estimator (in prep.)},
	Year = {2017}}

@unpublished{JJXL,
	Author = {Johannes, Jan and Loizeau, Xavier},
	Date-Added = {2017-08-31 15:11:26 +0000},
	Date-Modified = {2017-09-25 10:11:02 +0000},
	Title = {Adaptive {Bayesian} estimation and self informative limit in indirect {Gaussian} sequence space models (in preparation)},
	Year = {2017}}

@conference{PM,
	Author = {Pascal Massart},
	Booktitle = {Ecole d'{\'E}t{\'e} de Probabilit{\'e}s de Saint-Flour XXXIII},
	Date-Added = {2016-10-13 10:57:40 +0000},
	Date-Modified = {2016-10-24 08:11:37 +0000},
	Editor = {Springer},
	Title = {Concentration Inequalities and Model Selection},
	Volume = {1869},
	Year = {2003}}

@article{OBJJ,
	Author = {Olaf Bunke and Jan Johannes},
	Date-Added = {2016-10-13 10:49:24 +0000},
	Date-Modified = {2017-09-25 10:11:48 +0000},
	Journal = {Statistics},
	Keywords = {Generalized maximum likelihood; Dirichlet prior; Mixture models; Semiparametric models; Multivariate linear models; Hazard functions; Censoring},
	Number = {6},
	Pages = {483-502},
	Title = {Selfinformative limits of {Bayes} estimates and generalized maximum likelihood},
	Volume = {39},
	Year = {2005}}

@unpublished{JJASRS,
	Author = {Johannes, Jan and Simoni, Anna and Schenk, Rudolf},
	Date-Added = {2016-10-13 10:46:30 +0000},
	Date-Modified = {2017-09-25 10:11:18 +0000},
	Keywords = {Bayesian nonparametrics; Sieve prior, hierarchical Bayes, exact concentration rates, orable optimality, minimax theory, adaptation},
	Title = {Adaptive {Bayesian} estimation in indirect {Gaussian} sequence space model},
	Year = {2016}}
