%% This BibTeX bibliography file was created using BibDesk.
%% http://bibdesk.sourceforge.net/

%% Created for Xavier Loizeau at 2018-01-29 15:49:20 +0100 


%% Saved with string encoding Unicode (UTF-8) 



@article{ghosal2000convergence,
	Author = {Ghosal, Subhashis and Ghosh, Jayanta K and Van Der Vaart, Aad W and others},
	Date-Added = {2018-01-29 14:39:52 +0000},
	Date-Modified = {2018-01-29 14:39:52 +0000},
	Journal = {Annals of Statistics},
	Number = {2},
	Pages = {500--531},
	Publisher = {IMS INSTITUTE OF MATHEMATICAL STATISTICS},
	Title = {Convergence rates of posterior distributions},
	Volume = {28},
	Year = {2000},
	Bdsk-File-1 = {YnBsaXN0MDDUAQIDBAUGJCVYJHZlcnNpb25YJG9iamVjdHNZJGFyY2hpdmVyVCR0b3ASAAGGoKgHCBMUFRYaIVUkbnVsbNMJCgsMDxJXTlMua2V5c1pOUy5vYmplY3RzViRjbGFzc6INDoACgAOiEBGABIAFgAdccmVsYXRpdmVQYXRoWWFsaWFzRGF0YV8QLi4uLy4uLy4uL3RoZXNpcy8xLWludHJvZHVjdGlvbi8yLWJheWVzLzMxMi5wZGbSFwsYGVdOUy5kYXRhTxEBdgAAAAABdgACAAAMTWFjaW50b3NoIEhEAAAAAAAAAAAAAAAAAAAAAAAAAEJEAAH/////BzMxMi5wZGYAAAAAAAAAAAAAAAAAAAAAAAAAAAAAAAAAAAAAAAAAAAAAAAAAAAAAAAAAAAAAAAAAAAAAAAAAAP////8AAAAAAAAAAAAAAAAAAwAEAAAKIGN1AAAAAAAAAAAAAAAAAAcyLWJheWVzAAACAEUvOlVzZXJzOnhhdmllcmxvaXplYXU6RG9jdW1lbnRzOnRoZXNpczoxLWludHJvZHVjdGlvbjoyLWJheWVzOjMxMi5wZGYAAA4AEAAHADMAMQAyAC4AcABkAGYADwAaAAwATQBhAGMAaQBuAHQAbwBzAGgAIABIAEQAEgBDVXNlcnMveGF2aWVybG9pemVhdS9Eb2N1bWVudHMvdGhlc2lzLzEtaW50cm9kdWN0aW9uLzItYmF5ZXMvMzEyLnBkZgAAEwABLwAAFQACABT//wAAgAbSGxwdHlokY2xhc3NuYW1lWCRjbGFzc2VzXU5TTXV0YWJsZURhdGGjHR8gVk5TRGF0YVhOU09iamVjdNIbHCIjXE5TRGljdGlvbmFyeaIiIF8QD05TS2V5ZWRBcmNoaXZlctEmJ1Ryb290gAEACAARABoAIwAtADIANwBAAEYATQBVAGAAZwBqAGwAbgBxAHMAdQB3AIQAjgC/AMQAzAJGAkgCTQJYAmECbwJzAnoCgwKIApUCmAKqAq0CsgAAAAAAAAIBAAAAAAAAACgAAAAAAAAAAAAAAAAAAAK0}}

@unpublished{JJMS,
	Author = {Jan JOHANNES and Maik SCHWARZ},
	Date-Added = {2016-10-20 07:47:14 +0000},
	Date-Modified = {2016-10-20 07:49:50 +0000},
	Keywords = {Gaussian sequence space model; minimax theory; Adaptive non parametric estimation; Model selection; Lepski's method; Sobolev spaces; Midly and severely ill-posed inverse problems},
	Month = {April},
	Title = {Adaptive Gaussian inverse regression with partially unknown operator},
	Year = {2012}}

@conference{PM,
	Author = {Pascal MASSART},
	Booktitle = {Ecole d'{\'E}t{\'e} de Probabilit{\'e}s de Saint-Flour XXXIII},
	Date-Added = {2016-10-13 10:57:40 +0000},
	Date-Modified = {2016-10-13 11:00:17 +0000},
	Editor = {Springer},
	Title = {Concentration Inequalities and Model Selection},
	Volume = {1869},
	Year = {2003},
	Bdsk-File-1 = {YnBsaXN0MDDUAQIDBAUGJCVYJHZlcnNpb25YJG9iamVjdHNZJGFyY2hpdmVyVCR0b3ASAAGGoKgHCBMUFRYaIVUkbnVsbNMJCgsMDxJXTlMua2V5c1pOUy5vYmplY3RzViRjbGFzc6INDoACgAOiEBGABIAFgAdccmVsYXRpdmVQYXRoWWFsaWFzRGF0YV8QOC4uLy4uL0NvbmNlbnRyYXRpb24gSW5lcXVhbGl0aWVzIGFuZCBNb2RlbCBTZWxlY3Rpb24ucGRm0hcLGBlXTlMuZGF0YU8RAfoAAAAAAfoAAgAADE1hY2ludG9zaCBIRAAAAAAAAAAAAAAAAAAAAAAAAABCRAAB/////x9Db25jZW50cmF0aW9uIEluZXEjRkZGRkZGRkYucGRmAAAAAAAAAAAAAAAAAAAAAAAAAAAAAAAAAAAAAAAAAAD/////AAAAAAAAAAAAAAAAAAIAAQAACiBjdQAAAAAAAAAAAAAAAAAJUmVjaGVyY2hlAAACAFwvOlVzZXJzOnhhdmllcmxvaXplYXU6RG9jdW1lbnRzOlJlY2hlcmNoZTpDb25jZW50cmF0aW9uIEluZXF1YWxpdGllcyBhbmQgTW9kZWwgU2VsZWN0aW9uLnBkZgAOAGYAMgBDAG8AbgBjAGUAbgB0AHIAYQB0AGkAbwBuACAASQBuAGUAcQB1AGEAbABpAHQAaQBlAHMAIABhAG4AZAAgAE0AbwBkAGUAbAAgAFMAZQBsAGUAYwB0AGkAbwBuAC4AcABkAGYADwAaAAwATQBhAGMAaQBuAHQAbwBzAGgAIABIAEQAEgBaVXNlcnMveGF2aWVybG9pemVhdS9Eb2N1bWVudHMvUmVjaGVyY2hlL0NvbmNlbnRyYXRpb24gSW5lcXVhbGl0aWVzIGFuZCBNb2RlbCBTZWxlY3Rpb24ucGRmABMAAS8AABUAAgAU//8AAIAG0hscHR5aJGNsYXNzbmFtZVgkY2xhc3Nlc11OU011dGFibGVEYXRhox0fIFZOU0RhdGFYTlNPYmplY3TSGxwiI1xOU0RpY3Rpb25hcnmiIiBfEA9OU0tleWVkQXJjaGl2ZXLRJidUcm9vdIABAAgAEQAaACMALQAyADcAQABGAE0AVQBgAGcAagBsAG4AcQBzAHUAdwCEAI4AyQDOANYC1ALWAtsC5gLvAv0DAQMIAxEDFgMjAyYDOAM7A0AAAAAAAAACAQAAAAAAAAAoAAAAAAAAAAAAAAAAAAADQg==}}

@article{OBJJ,
	Author = {Olaf BUNKE and Jan JOHANNES},
	Date-Added = {2016-10-13 10:49:24 +0000},
	Date-Modified = {2016-10-13 13:02:32 +0000},
	Journal = {Statistics},
	Keywords = {Generalized maximum likelihood; Dirichlet prior; Mixture models; Semiparametric models; Multivariate linear models; Hazard functions; Censoring},
	Month = {July},
	Number = {6},
	Pages = {483-502},
	Title = {Selfinformative limits of Bayes estimates and generalized maximum likelihood},
	Volume = {39},
	Year = {2005},
	Bdsk-File-1 = {YnBsaXN0MDDUAQIDBAUGJCVYJHZlcnNpb25YJG9iamVjdHNZJGFyY2hpdmVyVCR0b3ASAAGGoKgHCBMUFRYaIVUkbnVsbNMJCgsMDxJXTlMua2V5c1pOUy5vYmplY3RzViRjbGFzc6INDoACgAOiEBGABIAFgAdccmVsYXRpdmVQYXRoWWFsaWFzRGF0YV8QIy4uLy4uL1NlbGYtSW5mb3JtYXRpdmUgTGltaXRzLzUucGRm0hcLGBlXTlMuZGF0YU8RAYYAAAAAAYYAAgAADE1hY2ludG9zaCBIRAAAAAAAAAAAAAAAAAAAAAAAAABCRAAB/////wU1LnBkZgAAAAAAAAAAAAAAAAAAAAAAAAAAAAAAAAAAAAAAAAAAAAAAAAAAAAAAAAAAAAAAAAAAAAAAAAAAAAD/////AAAAAAAAAAAAAAAAAAIAAgAACiBjdQAAAAAAAAAAAAAAAAAXU2VsZi1JbmZvcm1hdGl2ZSBMaW1pdHMAAAIARy86VXNlcnM6eGF2aWVybG9pemVhdTpEb2N1bWVudHM6UmVjaGVyY2hlOlNlbGYtSW5mb3JtYXRpdmUgTGltaXRzOjUucGRmAAAOAAwABQA1AC4AcABkAGYADwAaAAwATQBhAGMAaQBuAHQAbwBzAGgAIABIAEQAEgBFVXNlcnMveGF2aWVybG9pemVhdS9Eb2N1bWVudHMvUmVjaGVyY2hlL1NlbGYtSW5mb3JtYXRpdmUgTGltaXRzLzUucGRmAAATAAEvAAAVAAIAFP//AACABtIbHB0eWiRjbGFzc25hbWVYJGNsYXNzZXNdTlNNdXRhYmxlRGF0YaMdHyBWTlNEYXRhWE5TT2JqZWN00hscIiNcTlNEaWN0aW9uYXJ5oiIgXxAPTlNLZXllZEFyY2hpdmVy0SYnVHJvb3SAAQAIABEAGgAjAC0AMgA3AEAARgBNAFUAYABnAGoAbABuAHEAcwB1AHcAhACOALQAuQDBAksCTQJSAl0CZgJ0AngCfwKIAo0CmgKdAq8CsgK3AAAAAAAAAgEAAAAAAAAAKAAAAAAAAAAAAAAAAAAAArk=}}

@unpublished{JJASRS,
	Author = {JOHANNES, Jan and SIMONI, Anna and SCHENK, Rudolf},
	Date-Added = {2016-10-13 10:46:30 +0000},
	Date-Modified = {2016-10-13 13:02:02 +0000},
	Keywords = {Bayesian nonparametrics; Sieve prior, hierarchical Bayes, exact concentration rates, orable optimality, minimax theory, adaptation},
	Title = {Adaptive Bayesian estimation in indirect Gaussian sequence space model},
	Year = {2016},
	Bdsk-File-1 = {YnBsaXN0MDDUAQIDBAUGJCVYJHZlcnNpb25YJG9iamVjdHNZJGFyY2hpdmVyVCR0b3ASAAGGoKgHCBMUFRYaIVUkbnVsbNMJCgsMDxJXTlMua2V5c1pOUy5vYmplY3RzViRjbGFzc6INDoACgAOiEBGABIAFgAdccmVsYXRpdmVQYXRoWWFsaWFzRGF0YV8QIS4uL2JpYmxpb2dyYXBoaWUvMTUwMi4wMDE4NHYxLnBkZtIXCxgZV05TLmRhdGFPEQGeAAAAAAGeAAIAAAxNYWNpbnRvc2ggSEQAAAAAAAAAAAAAAAAAAAAAAAAAQkQAAf////8QMTUwMi4wMDE4NHYxLnBkZgAAAAAAAAAAAAAAAAAAAAAAAAAAAAAAAAAAAAAAAAAAAAAAAAAAAAAAAAAAAAAA/////wAAAAAAAAAAAAAAAAABAAIAAAogY3UAAAAAAAAAAAAAAAAADWJpYmxpb2dyYXBoaWUAAAIATi86VXNlcnM6eGF2aWVybG9pemVhdTpEb2N1bWVudHM6UmVjaGVyY2hlOmlHU1NNOmJpYmxpb2dyYXBoaWU6MTUwMi4wMDE4NHYxLnBkZgAOACIAEAAxADUAMAAyAC4AMAAwADEAOAA0AHYAMQAuAHAAZABmAA8AGgAMAE0AYQBjAGkAbgB0AG8AcwBoACAASABEABIATFVzZXJzL3hhdmllcmxvaXplYXUvRG9jdW1lbnRzL1JlY2hlcmNoZS9pR1NTTS9iaWJsaW9ncmFwaGllLzE1MDIuMDAxODR2MS5wZGYAEwABLwAAFQACABT//wAAgAbSGxwdHlokY2xhc3NuYW1lWCRjbGFzc2VzXU5TTXV0YWJsZURhdGGjHR8gVk5TRGF0YVhOU09iamVjdNIbHCIjXE5TRGljdGlvbmFyeaIiIF8QD05TS2V5ZWRBcmNoaXZlctEmJ1Ryb290gAEACAARABoAIwAtADIANwBAAEYATQBVAGAAZwBqAGwAbgBxAHMAdQB3AIQAjgCyALcAvwJhAmMCaAJzAnwCigKOApUCngKjArACswLFAsgCzQAAAAAAAAIBAAAAAAAAACgAAAAAAAAAAAAAAAAAAALP}}
