%% This BibTeX bibliography file was created using BibDesk.
%% https://bibdesk.sourceforge.io/

%% Created for Xavier Loizeau at 2018-08-13 11:07:01 +0200 


%% Saved with string encoding Unicode (UTF-8) 



@article{:aa,
	Author = {A. Mohammad-Djafari and J.-F. Giovannelli and G. Demoment and J. Idier},
	Date-Added = {2018-08-13 10:47:04 +0200},
	Date-Modified = {2018-08-13 10:48:42 +0200},
	Doi = {https://doi.org/10.1016/S1387-3806(01)00562-0},
	Issn = {1387-3806},
	Journal = {International Journal of Mass Spectrometry},
	Keywords = {Regularization, Maximum entropy, Bayesian inference, Deconvolution, Fourier synthesis},
	Note = {Detectors and the Measurement of Mass Spectra},
	Number = {1},
	Pages = {175 - 193},
	Title = {Regularization, maximum entropy and probabilistic methods in mass spectrometry data processing problems},
	Url = {http://www.sciencedirect.com/science/article/pii/S1387380601005620},
	Volume = {215},
	Year = {2002},
	Bdsk-File-1 = {YnBsaXN0MDDUAQIDBAUGJCVYJHZlcnNpb25YJG9iamVjdHNZJGFyY2hpdmVyVCR0b3ASAAGGoKgHCBMUFRYaIVUkbnVsbNMJCgsMDxJXTlMua2V5c1pOUy5vYmplY3RzViRjbGFzc6INDoACgAOiEBGABIAFgAdccmVsYXRpdmVQYXRoWWFsaWFzRGF0YV8QLmJpYmxpb2dyYXBoeS8xLXMyLjAtUzEzODczODA2MDEwMDU2MjAtbWFpbi5wZGbSFwsYGVdOUy5kYXRhTxECAgAAAAACAgACAAAMTWFjaW50b3NoIEhEAAAAAAAAAAAAAAAAAAAAAAAAAEJEAAH/////HzEtczIuMC1TMTM4NzM4MDYwMSNGRkZGRkZGRi5wZGYAAAAAAAAAAAAAAAAAAAAAAAAAAAAAAAAAAAAAAAAAAP////8AAAAAAAAAAAAAAAAAAQADAAAKIGN1AAAAAAAAAAAAAAAAAAxiaWJsaW9ncmFwaHkAAgBvLzpVc2Vyczp4YXZpZXJsb2l6ZWF1OkRvY3VtZW50czphcHBsaWNhdGlvbnM6cHJlc2VudGF0aW9uOkJlYW1lcjpiaWJsaW9ncmFwaHk6MS1zMi4wLVMxMzg3MzgwNjAxMDA1NjIwLW1haW4ucGRmAAAOAEQAIQAxAC0AcwAyAC4AMAAtAFMAMQAzADgANwAzADgAMAA2ADAAMQAwADAANQA2ADIAMAAtAG0AYQBpAG4ALgBwAGQAZgAPABoADABNAGEAYwBpAG4AdABvAHMAaAAgAEgARAASAG1Vc2Vycy94YXZpZXJsb2l6ZWF1L0RvY3VtZW50cy9hcHBsaWNhdGlvbnMvcHJlc2VudGF0aW9uL0JlYW1lci9iaWJsaW9ncmFwaHkvMS1zMi4wLVMxMzg3MzgwNjAxMDA1NjIwLW1haW4ucGRmAAATAAEvAAAVAAIAFP//AACABtIbHB0eWiRjbGFzc25hbWVYJGNsYXNzZXNdTlNNdXRhYmxlRGF0YaMdHyBWTlNEYXRhWE5TT2JqZWN00hscIiNcTlNEaWN0aW9uYXJ5oiIgXxAPTlNLZXllZEFyY2hpdmVy0SYnVHJvb3SAAQAIABEAGgAjAC0AMgA3AEAARgBNAFUAYABnAGoAbABuAHEAcwB1AHcAhACOAL8AxADMAtIC1ALZAuQC7QL7Av8DBgMPAxQDIQMkAzYDOQM+AAAAAAAAAgEAAAAAAAAAKAAAAAAAAAAAAAAAAAAAA0A=}}

@incollection{:ac,
	Author = {Engl, Heinz W and K{\"u}gler, Philipp},
	Booktitle = {Multidisciplinary methods for analysis optimization and control of complex systems},
	Date-Added = {2018-08-13 10:47:04 +0200},
	Date-Modified = {2018-08-13 10:51:32 +0200},
	Pages = {3--47},
	Publisher = {Springer},
	Title = {Nonlinear inverse problems: theoretical aspects and some industrial applications},
	Year = {2005},
	Bdsk-File-1 = {YnBsaXN0MDDUAQIDBAUGJCVYJHZlcnNpb25YJG9iamVjdHNZJGFyY2hpdmVyVCR0b3ASAAGGoKgHCBMUFRYaIVUkbnVsbNMJCgsMDxJXTlMua2V5c1pOUy5vYmplY3RzViRjbGFzc6INDoACgAOiEBGABIAFgAdccmVsYXRpdmVQYXRoWWFsaWFzRGF0YV8QIWJpYmxpb2dyYXBoeS85NzgzNTQwMjIzMTA4LWMxLnBkZtIXCxgZV05TLmRhdGFPEQHMAAAAAAHMAAIAAAxNYWNpbnRvc2ggSEQAAAAAAAAAAAAAAAAAAAAAAAAAQkQAAf////8UOTc4MzU0MDIyMzEwOC1jMS5wZGYAAAAAAAAAAAAAAAAAAAAAAAAAAAAAAAAAAAAAAAAAAAAAAAAAAAAAAAAA/////wAAAAAAAAAAAAAAAAABAAMAAAogY3UAAAAAAAAAAAAAAAAADGJpYmxpb2dyYXBoeQACAGIvOlVzZXJzOnhhdmllcmxvaXplYXU6RG9jdW1lbnRzOmFwcGxpY2F0aW9uczpwcmVzZW50YXRpb246QmVhbWVyOmJpYmxpb2dyYXBoeTo5NzgzNTQwMjIzMTA4LWMxLnBkZgAOACoAFAA5ADcAOAAzADUANAAwADIAMgAzADEAMAA4AC0AYwAxAC4AcABkAGYADwAaAAwATQBhAGMAaQBuAHQAbwBzAGgAIABIAEQAEgBgVXNlcnMveGF2aWVybG9pemVhdS9Eb2N1bWVudHMvYXBwbGljYXRpb25zL3ByZXNlbnRhdGlvbi9CZWFtZXIvYmlibGlvZ3JhcGh5Lzk3ODM1NDAyMjMxMDgtYzEucGRmABMAAS8AABUAAgAU//8AAIAG0hscHR5aJGNsYXNzbmFtZVgkY2xhc3Nlc11OU011dGFibGVEYXRhox0fIFZOU0RhdGFYTlNPYmplY3TSGxwiI1xOU0RpY3Rpb25hcnmiIiBfEA9OU0tleWVkQXJjaGl2ZXLRJidUcm9vdIABAAgAEQAaACMALQAyADcAQABGAE0AVQBgAGcAagBsAG4AcQBzAHUAdwCEAI4AsgC3AL8CjwKRApYCoQKqArgCvALDAswC0QLeAuEC8wL2AvsAAAAAAAACAQAAAAAAAAAoAAAAAAAAAAAAAAAAAAAC/Q==}}

@inproceedings{:ad,
	Author = {Mohammad-Djafari, Ali},
	Booktitle = {AIP Conference Proceedings},
	Date-Added = {2018-08-13 10:47:04 +0200},
	Date-Modified = {2018-08-13 10:52:22 +0200},
	Number = {1},
	Organization = {AIP},
	Pages = {477--496},
	Title = {Bayesian inference for inverse problems},
	Volume = {617},
	Year = {2002},
	Bdsk-File-1 = {YnBsaXN0MDDUAQIDBAUGJCVYJHZlcnNpb25YJG9iamVjdHNZJGFyY2hpdmVyVCR0b3ASAAGGoKgHCBMUFRYaIVUkbnVsbNMJCgsMDxJXTlMua2V5c1pOUy5vYmplY3RzViRjbGFzc6INDoACgAOiEBGABIAFgAdccmVsYXRpdmVQYXRoWWFsaWFzRGF0YV8QNWJpYmxpb2dyYXBoeS9iMjc0ZTU3NDgzZGIzMmFjMDMzYTRlMzBiZmVjODkyOGEyZmYucGRm0hcLGBlXTlMuZGF0YU8RAhwAAAAAAhwAAgAADE1hY2ludG9zaCBIRAAAAAAAAAAAAAAAAAAAAAAAAABCRAAB/////x9iMjc0ZTU3NDgzZGIzMmFjMDMjRkZGRkZGRkYucGRmAAAAAAAAAAAAAAAAAAAAAAAAAAAAAAAAAAAAAAAAAAD/////AAAAAAAAAAAAAAAAAAEAAwAACiBjdQAAAAAAAAAAAAAAAAAMYmlibGlvZ3JhcGh5AAIAdi86VXNlcnM6eGF2aWVybG9pemVhdTpEb2N1bWVudHM6YXBwbGljYXRpb25zOnByZXNlbnRhdGlvbjpCZWFtZXI6YmlibGlvZ3JhcGh5OmIyNzRlNTc0ODNkYjMyYWMwMzNhNGUzMGJmZWM4OTI4YTJmZi5wZGYADgBSACgAYgAyADcANABlADUANwA0ADgAMwBkAGIAMwAyAGEAYwAwADMAMwBhADQAZQAzADAAYgBmAGUAYwA4ADkAMgA4AGEAMgBmAGYALgBwAGQAZgAPABoADABNAGEAYwBpAG4AdABvAHMAaAAgAEgARAASAHRVc2Vycy94YXZpZXJsb2l6ZWF1L0RvY3VtZW50cy9hcHBsaWNhdGlvbnMvcHJlc2VudGF0aW9uL0JlYW1lci9iaWJsaW9ncmFwaHkvYjI3NGU1NzQ4M2RiMzJhYzAzM2E0ZTMwYmZlYzg5MjhhMmZmLnBkZgATAAEvAAAVAAIAFP//AACABtIbHB0eWiRjbGFzc25hbWVYJGNsYXNzZXNdTlNNdXRhYmxlRGF0YaMdHyBWTlNEYXRhWE5TT2JqZWN00hscIiNcTlNEaWN0aW9uYXJ5oiIgXxAPTlNLZXllZEFyY2hpdmVy0SYnVHJvb3SAAQAIABEAGgAjAC0AMgA3AEAARgBNAFUAYABnAGoAbABuAHEAcwB1AHcAhACOAMYAywDTAvMC9QL6AwUDDgMcAyADJwMwAzUDQgNFA1cDWgNfAAAAAAAAAgEAAAAAAAAAKAAAAAAAAAAAAAAAAAAAA2E=}}

@article{:af,
	Abstract = {The theory of the inverse problem of charged particle motion is presented in this paper. A potential distribution required to guide a group of particles along a set of prescribed paraxial paths has been found. An application of the theory of the inverse problem to the design of an efficient ion source for the mass spectrometer is discussed. The potential distribution required to guide the ions along a set of exponentially converging and damped oscillatory paths has been found. An interesting situation is encountered, where a particle is turned back at certain points called mirror points.},
	Author = {Naidu, P. S. and Westphal, K. O.},
	Date-Added = {2018-08-13 10:47:04 +0200},
	Date-Modified = {2018-08-13 10:53:58 +0200},
	Day = {01},
	Doi = {10.1007/BF02933513},
	Issn = {0365-7140},
	Journal = {Applied Scientific Research, Section B},
	Month = {Oct},
	Number = {5},
	Pages = {435--450},
	Title = {The inverse problem of particle motion and its application},
	Url = {https://doi.org/10.1007/BF02933513},
	Volume = {12},
	Year = {1965},
	Bdsk-File-1 = {YnBsaXN0MDDUAQIDBAUGJCVYJHZlcnNpb25YJG9iamVjdHNZJGFyY2hpdmVyVCR0b3ASAAGGoKgHCBMUFRYaIVUkbnVsbNMJCgsMDxJXTlMua2V5c1pOUy5vYmplY3RzViRjbGFzc6INDoACgAOiEBGABIAFgAdccmVsYXRpdmVQYXRoWWFsaWFzRGF0YV8QSmJpYmxpb2dyYXBoeS9OYWlkdS1XZXN0cGhhbDE5NjVfQXJ0aWNsZV9UaGVJbnZlcnNlUHJvYmxlbU9mUGFydGljbGVNb3QucGRm0hcLGBlXTlMuZGF0YU8RAnIAAAAAAnIAAgAADE1hY2ludG9zaCBIRAAAAAAAAAAAAAAAAAAAAAAAAABCRAAB/////x9OYWlkdS1XZXN0cGhhbDE5NjUjRkZGRkZGRkYucGRmAAAAAAAAAAAAAAAAAAAAAAAAAAAAAAAAAAAAAAAAAAD/////AAAAAAAAAAAAAAAAAAEAAwAACiBjdQAAAAAAAAAAAAAAAAAMYmlibGlvZ3JhcGh5AAIAiy86VXNlcnM6eGF2aWVybG9pemVhdTpEb2N1bWVudHM6YXBwbGljYXRpb25zOnByZXNlbnRhdGlvbjpCZWFtZXI6YmlibGlvZ3JhcGh5Ok5haWR1LVdlc3RwaGFsMTk2NV9BcnRpY2xlX1RoZUludmVyc2VQcm9ibGVtT2ZQYXJ0aWNsZU1vdC5wZGYAAA4AfAA9AE4AYQBpAGQAdQAtAFcAZQBzAHQAcABoAGEAbAAxADkANgA1AF8AQQByAHQAaQBjAGwAZQBfAFQAaABlAEkAbgB2AGUAcgBzAGUAUAByAG8AYgBsAGUAbQBPAGYAUABhAHIAdABpAGMAbABlAE0AbwB0AC4AcABkAGYADwAaAAwATQBhAGMAaQBuAHQAbwBzAGgAIABIAEQAEgCJVXNlcnMveGF2aWVybG9pemVhdS9Eb2N1bWVudHMvYXBwbGljYXRpb25zL3ByZXNlbnRhdGlvbi9CZWFtZXIvYmlibGlvZ3JhcGh5L05haWR1LVdlc3RwaGFsMTk2NV9BcnRpY2xlX1RoZUludmVyc2VQcm9ibGVtT2ZQYXJ0aWNsZU1vdC5wZGYAABMAAS8AABUAAgAU//8AAIAG0hscHR5aJGNsYXNzbmFtZVgkY2xhc3Nlc11OU011dGFibGVEYXRhox0fIFZOU0RhdGFYTlNPYmplY3TSGxwiI1xOU0RpY3Rpb25hcnmiIiBfEA9OU0tleWVkQXJjaGl2ZXLRJidUcm9vdIABAAgAEQAaACMALQAyADcAQABGAE0AVQBgAGcAagBsAG4AcQBzAHUAdwCEAI4A2wDgAOgDXgNgA2UDcAN5A4cDiwOSA5sDoAOtA7ADwgPFA8oAAAAAAAACAQAAAAAAAAAoAAAAAAAAAAAAAAAAAAADzA==}}

@article{comte2017laplace,
	Author = {Comte, Fabienne and Cuenod, Charles-A and Pensky, Marianna and Rozenholc, Yves},
	Date-Added = {2018-08-13 10:38:42 +0200},
	Date-Modified = {2018-08-13 10:38:42 +0200},
	Journal = {Journal of the Royal Statistical Society: Series B (Statistical Methodology)},
	Number = {1},
	Pages = {69--94},
	Publisher = {Wiley Online Library},
	Title = {Laplace deconvolution on the basis of time domain data and its application to dynamic contrast-enhanced imaging},
	Volume = {79},
	Year = {2017},
	Bdsk-File-1 = {YnBsaXN0MDDUAQIDBAUGJCVYJHZlcnNpb25YJG9iamVjdHNZJGFyY2hpdmVyVCR0b3ASAAGGoKgHCBMUFRYaIVUkbnVsbNMJCgsMDxJXTlMua2V5c1pOUy5vYmplY3RzViRjbGFzc6INDoACgAOiEBGABIAFgAdccmVsYXRpdmVQYXRoWWFsaWFzRGF0YV8QIGJpYmxpb2dyYXBoeS9DUFJfSnVseTA4XzIwMTIucGRm0hcLGBlXTlMuZGF0YU8RAcoAAAAAAcoAAgAADE1hY2ludG9zaCBIRAAAAAAAAAAAAAAAAAAAAAAAAABCRAAB/////xNDUFJfSnVseTA4XzIwMTIucGRmAAAAAAAAAAAAAAAAAAAAAAAAAAAAAAAAAAAAAAAAAAAAAAAAAAAAAAAAAAD/////AAAAAAAAAAAAAAAAAAEAAwAACiBjdQAAAAAAAAAAAAAAAAAMYmlibGlvZ3JhcGh5AAIAYS86VXNlcnM6eGF2aWVybG9pemVhdTpEb2N1bWVudHM6YXBwbGljYXRpb25zOnByZXNlbnRhdGlvbjpCZWFtZXI6YmlibGlvZ3JhcGh5OkNQUl9KdWx5MDhfMjAxMi5wZGYAAA4AKAATAEMAUABSAF8ASgB1AGwAeQAwADgAXwAyADAAMQAyAC4AcABkAGYADwAaAAwATQBhAGMAaQBuAHQAbwBzAGgAIABIAEQAEgBfVXNlcnMveGF2aWVybG9pemVhdS9Eb2N1bWVudHMvYXBwbGljYXRpb25zL3ByZXNlbnRhdGlvbi9CZWFtZXIvYmlibGlvZ3JhcGh5L0NQUl9KdWx5MDhfMjAxMi5wZGYAABMAAS8AABUAAgAU//8AAIAG0hscHR5aJGNsYXNzbmFtZVgkY2xhc3Nlc11OU011dGFibGVEYXRhox0fIFZOU0RhdGFYTlNPYmplY3TSGxwiI1xOU0RpY3Rpb25hcnmiIiBfEA9OU0tleWVkQXJjaGl2ZXLRJidUcm9vdIABAAgAEQAaACMALQAyADcAQABGAE0AVQBgAGcAagBsAG4AcQBzAHUAdwCEAI4AsQC2AL4CjAKOApMCngKnArUCuQLAAskCzgLbAt4C8ALzAvgAAAAAAAACAQAAAAAAAAAoAAAAAAAAAAAAAAAAAAAC+g==}}
