%% This BibTeX bibliography file was created using BibDesk.
%% http://bibdesk.sourceforge.net/

%% Created for Xavier Loizeau at 2017-03-09 10:48:26 +0100 


%% Saved with string encoding Unicode (UTF-8) 



@unpublished{JJMS,
	Author = {Jan Johannes and Maik Schwarz},
	Date-Added = {2016-12-02 14:41:55 +0000},
	Date-Modified = {2017-03-09 09:24:17 +0000},
	Keywords = {Gaussian sequence space model; minimax theory; Adaptive non parametric estimation; Model selection; Lepski's method; Sobolev spaces; Midly and severely ill-posed inverse problems},
	Month = {April},
	Title = {Adaptive Gaussian inverse regression with partially unknown operator},
	Year = {2012}}

@book{HEMHAN,
	Author = {Heinz W. Engl and Martin Hanke and Andreas Neubauer},
	Date-Added = {2016-11-29 17:58:43 +0000},
	Date-Modified = {2016-11-29 18:03:41 +0000},
	Editor = {M. Hazewinkel},
	Publisher = {Kluwer Academic Publishers},
	Series = {Mathematics and its applications},
	Title = {Regularization of inverse problems},
	Volume = {375},
	Year = {2000}}

@conference{PM,
	Author = {Pascal Massart},
	Booktitle = {Ecole d'{\'E}t{\'e} de Probabilit{\'e}s de Saint-Flour XXXIII},
	Date-Added = {2016-10-13 10:57:40 +0000},
	Date-Modified = {2016-10-24 08:11:37 +0000},
	Editor = {Springer},
	Title = {Concentration Inequalities and Model Selection},
	Volume = {1869},
	Year = {2003}}

@article{OBJJ,
	Author = {Olaf Bunke and Jan Johannes},
	Date-Added = {2016-10-13 10:49:24 +0000},
	Date-Modified = {2016-10-24 08:11:51 +0000},
	Journal = {Statistics},
	Keywords = {Generalized maximum likelihood; Dirichlet prior; Mixture models; Semiparametric models; Multivariate linear models; Hazard functions; Censoring},
	Month = {July},
	Number = {6},
	Pages = {483-502},
	Title = {Selfinformative limits of Bayes estimates and generalized maximum likelihood},
	Volume = {39},
	Year = {2005}}

@unpublished{JJASRS,
	Author = {Johannes, Jan and Simoni, Anna and Schenk, Rudolf},
	Date-Added = {2016-10-13 10:46:30 +0000},
	Date-Modified = {2016-10-24 08:11:02 +0000},
	Keywords = {Bayesian nonparametrics; Sieve prior, hierarchical Bayes, exact concentration rates, orable optimality, minimax theory, adaptation},
	Title = {Adaptive Bayesian estimation in indirect Gaussian sequence space model},
	Year = {2016}}
